%************************************%
%-------------- BOOKS ---------------%
%************************************%

@book{book:PaperPrototyping,
	author = {Sharp, Helen and Rogers, Yvonne and Preece, Jenny},
    day = {23},
    edition = {2},
    howpublished = {Paperback},
    isbn = {0470018666},
    keywords = {interaction-design},
    month = mar,
    posted-at = {2008-07-24 05:15:59},
    priority = {0},
    publisher = {Wiley Publishing, Inc.},
    title = {{Interaction Design: Beyond Human-Computer Interaction}},
    howpublished = {\url{http://www.worldcat.org/isbn/0470018666}},
    year = {2007}
}

@book{book:PaperPrototyping2,
    author = {Carolyn Snyder},
    edition = {1},
    isbn = {978-1558608702},
    publisher = {Morgan Kaufmann},
    title = {{Paper Prototyping,: The Fast and Easy Way to Design and Refine User Interfaces}},
    year = {2003}
}

@book{book:HCI,
    author = {David Benyon},
    howpublished = {Paperback},
    isbn = {978-0-321-43533-0},
    edition = "2nd",
    publisher = {Pearson Educational Limited},
    title = {Designing Interactive Systems},
    year = {2010}
}

@book{book:sketch,
 author = {Buxton, Bill},
 title = {Sketching User Experiences: Getting the Design Right and the Right Design},
 year = {2007},
 isbn = {0123740371, 9780123740373},
 publisher = {Morgan Kaufmann Publishers Inc.},
 address = {San Francisco, CA, USA},
} 

@book{book:algorithms,
 author = {Thomas H. Cormen, Charles E. Leiserson, Ronald L. Rivest and Clifford Stein},
 title = {Introduction to Algorithms},
 year = {2009},
 isbn = {978-0-262-03384-8},
 publisher = {MIT Press},
} 

@book{jones,
  added-at = {2012-02-24T12:38:24.000+0100},
  author = {Jones, Matt and Marsden, Gary},
  biburl = {http://www.bibsonomy.org/bibtex/2b1ebb9b941895aa3c745545577c8c257/ewomant},
  edition = {1. Auflage},
  interhash = {9da58a3bcc9c4b856ecde2baa27fe94d},
  intrahash = {b1ebb9b941895aa3c745545577c8c257},
  isbn = {0470090898},
  keywords = {imported mobile usability},
  lccn = {{TFF} 087 : J55},
  month = dec,
  publisher = {John Wiley \& Sons},
  timestamp = {2012-02-24T12:38:24.000+0100},
  title = {Mobile Interaction Design},
  year = 2005
}

@book{book:CleanCode,
    author = {Robert C. Martin},
    booktitle = {Clean Code: A Handbook of Agile Software Craftsmanship},
    title = {Clean Code},
    edition = {1. edition},
    publisher = {Prentice Hall},
    year = {2008}
}

@book{book:EngineeringWebApplications,
    author = {Sven Casteleyn, Florian Daniel, Peter Dolog and Maristella Matera},
    title = {Engineering Web Applications},
    edition = {1. edition},
    publisher = {Springer},
    year = {2009}
}

@book{book:ArchitectureDesign,
    author = {Len Bass, Paul Clements, Rick Kazman},
    booktitle = {Software Architecture in Practice, Second Edition},
    title = {Software Architecture in Practice},
    edition = {2. edition},
    publisher = {Addison-Wesley Professional},
	month = {April},
    day = {9},
    year = {2003},
	isbn = {0321154959, 9780321154958}
}

@book{book:Pressman,
 author = {Pressman, Roger},
 title = {Software Engineering: A Practitioner's Approach},
 year = {2010},
 isbn = {0073375977, 9780073375977},
 edition = {7},
 publisher = {McGraw-Hill, Inc.},
 address = {New York, NY, USA},
} 

@book{book:AgileUserStoriesApplied,
    author = {Mike Cohn},
    isbn = {0470018666},
    month = {March},
    day = {1},
    publisher = {Addison Wesley},
    title = {User Stories Applied: For Agile Software Development},
    year = {2004}
}

@book{book:softwareTesting,
    author = {Ron Patton},
    isbn = {0-672-32798-8 },
    month = {July},
    day = { 26},
    publisher = {Addison Publishing},
    title = {Software Testing},
    year = {2005}
}

@book{book:AgileIterativeDevelopment,
    author = {Craig Larman},
    isbn = {0-13-111155-8 },
    month = {August},
    day = { 11},
    publisher = {Addison Wesley},
    title = {Agile \& Iterative Development: A Manager's Guide},
    year = {2003}
}

@book{book:OBDA,
	author = {Barry Boehm and Richard Turner},
	title = {Observations on balancing discipline and agility},
	edition = {1. edition},
	isbn = {0321186125},
	month = {August},
	day = {21},
	year = {2003},
	publisher = {Addison Wesley}
}

@book{book:SAD,
    author = {Mathiassen, Lars and Munk-Madsen, Andreas and Nielsen, Peter A. and Stage, Jan},
    booktitle = {Objektorienteret Analyse \& Design},
    edition = {3. edition},
    keywords = {ooad},
    posted-at = {2007-04-26 11:38:46},
    priority = {2},
    publisher = {Forlaget Marko ApS, Aalborg},
    title = {Objektorienteret Analyse \& Design},
    url = {http://www.netbog.com/products/productinfo.aspx?ExtProductID=87-7751-153-0},
    year = {2001}
}

@book{book:GOF,
    author = {Erich Gamma, Richard Helm, Ralph Johnson and John Vlissides},
    booktitle = {Design Patterns: Elements of Reusable Object-Oriented Software},
    edition = {1},
    isbn = {978-0201633610},
    publisher = {Addison-Wesley Professional},
    title = {Design Patterns: Elements of Reusable Object-Oriented Software},
    url = {http://www.netbog.com/products/productinfo.aspx?ExtProductID=87-7751-153-0},
    year = {1994}
}


%************************************%
%------------- ARTICLES -------------%
%************************************%

@article{article:AccIphoneLocations,
    address		= {Department of Geography, University of New Mexic},
    author 		= {Paul A Zandberge},
    journal = {Transactions in GIS},
    title = {Accuracy of iPhone Locations: A Comparison of Assisted GPS, WiFi and Cellular Positioning},
    url = {http://www.paulzandbergen.com/PUBLICATIONS_files/Zandbergen_TGIS_2009.pdf},
    year = {2009}
}

@article{article:PreciseIndoorLocalizationSmartPhones,
    address		= {Department of Geography, University of New Mexic},
    author 		= {Eladio Martin, Oriol Vinyals, Gerald Friedland and Ruzena Bajcsy},
    journal = {Design Tools and Techniques â€“ Decision tables, Modules and interfaces.},
		keywords = {Indoor Localization, Smart Phones.},
    title = {Precise Indoor Localization Using Smart Phones},
    url = {http://www.icsi.berkeley.edu/pubs/speech/preciseindoor10.pdf},
    year = {2010}
}

@article{article:SmartCampus,
    address   = {Department of Computer Science, Aalborg University},
    author    = {Rene Hansen and Bent Thomsen},
    journal = {The 4th Annual International Conference on Mobile and Ubiquitous Systems: Computing, Networking and Services},
    title = {Using Weighted Graphs for Computationally Efficient WLAN Location Determination},
    url = {http://dl.acm.org/citation.cfm?id=1549101},
    year = {2007}
}
@article{article:IDA,
    author = {Jesper Kjeldskov and Mikael B. Skov and Jan Stage and Fredrik Bajers Vej},
    title = {Instant Data Analysis: Conducting Usability Evaluations in a Day},
    booktitle = {in Proceedings of the Third Nordic Conference on Human-Computer Interaction},
    year = {2004},
    pages = {233--240},
    publisher = {ACM Press}
}

%************************************%
%-------------- WEB -----------------%
%************************************%

@misc{misc:Refactoring,
   Author  = {Martin Fowler},
   Title   = {Refactoring, a first example},  
   howpublished = {\url{http://staff.cs.utu.fi/kurssit/Programming-III/Refactoring-simple-example.pdf}},
   Year    = {2005}
}


@misc{misc:Gartner,
   Author  = {Egham},
   Title   = {Gartner Says Sales of Mobile Devices Grew 5.6 Percent in Third Quarter of 2011; Smartphone Sales Increased 42 Percent},  
   howpublished = {\url{http://www.gartner.com/it/page.jsp?id=1848514}},
   Year    = {2011}
}

@misc{misc:goldenRules,
   Author  = {Ben Shneiderman},
   Title   = {Shneiderman's "Eight Golden Rules of Interface Design"},  
   howpublished = {\url{http://faculty.washington.edu/jtenenbg/courses/360/f04/sessions/schneidermanGoldenRules.html}},
   Year    = {1997}
}

@misc{misc:iOSDevelopment,
   Author  = {Matt Rosoff},
   Title   = {If You Want To Make Money, Develop For Apple Platforms},  
   howpublished = {\url{http://articles.businessinsider.com/2011-04-26/tech/30069993_1_ios-mac-app-app-developer}},
   Year    = {2011}
}

@misc{misc:AppleAppStore,
   Author  = {Apple},
   Title   = {Apple - The App Store},  
   howpublished = {\url{http://www.apple.com/iphone/built-in-apps/app-store.html}},
   Year    = {2012}
}

@misc{misc:AppleiOS,
   Author  = {Apple},
   Title   = {Apple - iOS 5 },  
   howpublished = {\url{http://www.apple.com/ios/}},
   Year    = {2012}
}

@misc{misc:AndroidPlatform,
   Author  = {Misc},
   Title   = {Android (operating system) },  
   howpublished = {\url{http://en.wikipedia.org/wiki/Android_(operating_system)}},
   Year    = {2012}
}

@misc{misc:WindowsPhonePlatform,
   Author  = {Misc},
   Title   = {Windows Phone},  
   howpublished = {\url{http://en.wikipedia.org/wiki/Windows_Phone}},
   Year    = {2012}
}

@misc{misc:WindowsPhone,
   Author  = {Microsoft},
   Title   = {Windows Phone Product Site},  
   howpublished = {\url{http://www.microsoft.com/windowsphone/en-us/default.aspx}},
   Year    = {2012}
}

@misc{misc:WindowsPhoneDevelopment,
   Author  = {Anand Iyer},
   Title   = {Developing for Windows Phone 7 Series},  
   howpublished = {\url{http://www.artificialignorance.net/blog/windows-phone-7/developing-for-windows-phone-7-series/}},
   Year    = {2012}
}

@misc{misc:IntroductionGPS,
   Author  = {Anand Iyer},
   Title   = {Introduction to the Global Positioning System for GIS and TRAVERSE},  
   howpublished = {\url{http://www.cmtinc.com/gpsbook/}},
   Year    = {1996}
}

@misc{misc:HowGPSWorks,
   Author  = {Fred Zahradnik},
   Title   = {How GPS Works},  
   howpublished = {\url{http://gps.about.com/od/beforeyoubuy/a/howgpsworks.htm}},
   Year    = {2012}
}

@misc{misc:AgileVSTrad,
    Author = {Jeremy Rose},
    Title = {Agile vs. Traditional},
    howpublished = {\url{http://people.cs.aau.dk/~jeremy/SOE2011/resources/SOE6\%20agile\%20v\%20traditional.pdf}},
    Year = {2010}
}

@misc{misc:SmartCampusSlides,
    Author = {Rene Hansen},
    Title = {SmartCampusAAU Presentation Slides},
    howpublished = {\url{http://people.cs.aau.dk/~rhansen/SW8-2012-SmartCampusAAU.pdf}},
    Year = {2012}
}

@misc{misc:riskMan,
    Author = {Peter Axel Nielsen},
    Title = {Risk Management for Software Engineering},
    howpublished = {\url{http://people.cs.aau.dk/~pan/presentation/Risk\%20mgt\%20SE.pdf}},
    Year = {2010}
}

@misc{misc:IProductsSecrets,
   Author  = {Misc},
   Title   = {iPhone, iPad, and iPod Touch Secrets},  
   howpublished = {\url{http://www.edepot.com/iphone.html\#iPhone_A-GPS}},
   Year    = {2012}
}

@misc{misc:HowiPhoneKnowsWhereYouAre,
   Author  = {Glenn Fleishman},
   Title   = {How the iPhone knows where you are},  
   howpublished = {\url{http://www.macworld.com/article/159528/2011/04/how_iphone_location_works.html}},
   Year    = {2011}
}

@misc{misc:iCalendarSpec,
   Author  = {Ed B. Desruisseaux},
   Title   = {Internet Calendaring and Scheduling Core Object Specification},  
   howpublished = {\url{http://tools.ietf.org/html/rfc5545}},
   Year    = {2009}
}

@misc{misc:androidActivity,
   Author  = {Google},
   Title   = {Activity},  
   howpublished = {\url{http://developer.android.com/reference/android/app/Activity.html}},
   Year    = {2012}
}

@misc{misc:planningPoker,
   Author  = {Mountain Goat Software},
   Title   = {Planning Poker},  
   howpublished = {\url{http://planningpoker.com/}},
   Year    = {2012}
}

@misc{misc:SQLite3,
   Author  = {SQLite},
   Title   = {Distinctive Features of SQLite},  
   howpublished = {\url{http://www.sqlite.org/different.html}},
   Year    = {2012}
}

@misc{misc:AlertDialog,
   Author  = {Android Developers},
   Title   = {AlertDialog},  
   howpublished = {\url{http://developer.android.com/reference/android/app/AlertDialog.html}},
   Year    = {2012}
}

@misc{misc:ExpandableListView,
   Author  = {Android Developers},
   Title   = {ExpandableListView},  
   howpublished = {\url{http://developer.android.com/reference/android/widget/ExpandableListView.html}},
   Year    = {2012}
}

@misc{misc:JSON,
   Author  = {json.org},
   Title   = {Introducing JSON},  
   howpublished = {\url{http://www.json.org/}},
   Year    = {2012}
}

@misc{misc:MVC4,
   Author  = {Microsoft},
   Title   = {ASP.NET MVC 4},  
   howpublished = {\url{http://www.asp.net/whitepapers/mvc4-release-notes}},
   Year    = {2012}
}

@misc{misc:RavenDB,
   Author  = {Hibernating Rhinos},
   Title   = {RavenDB},  
   howpublished = {\url{http://ravendb.net}},
   Year    = {2012}
}

@misc{misc:LINQintro,
   Author  = {Microsoft},
   Title   = {LINQ Query Expressions},  
   howpublished = {\url{http://msdn.microsoft.com/en-us/library/bb397676.aspx}},
   Year    = {2012}
}

@misc{misc:RavenDBSession,
   Author  = {Hibernating Rhinos},
   Title   = {Understanding the Session Object},  
   howpublished = {\url{http://ravendb.net/docs/client-api/basic-operations/understanding-session-object}},
   Year    = {2012}
}

@misc{misc:xUnit,
   Author  = {xUnit.net},
   Title   = {The xUnit.net Testing Framework},  
   howpublished = {\url{http://xunit.codeplex.com/}},
   Year    = {2012}
}